

@misc{ ELSA,
  author = "S. McPeak and D. Wilkerson",
  title = "Elsa: {T}he {E}lkhound-based {C}/{C}++ {P}arser",
  text = "S. McPeak and D. Wilderson. Elsa: The Elkhound-based C/C++ Parser. http://www.cs.berkeley.edu/~smcpeak/elkhound, 2005",
  year = "2005",
  howpublished = "{http://www.cs.berkeley.edu/\~{}smcpeak/elkhound}",
  url = "http://www.cs.berkeley.edu/~smcpeak/elkhound" }

@misc{ CUDA3,
  author = "NVIDIA",
  title = "NVIDIA CUDA Programming Guide: Version 3.0",
  year = "2010",
  url = "http://developer.nvidia.com/object/cuda{\_}3{\_}0{\_}downloads.html{\#}Linux"
}

@misc{ Fermi,
  author = "NVIDIA",
  title = "NVIDIA's Next Generation CUDA Compute Architecture: Fermi",
  year = "2009",
  url = "http://www.nvidia.com/object/fermi\_architecture.html"
}

@InProceedings{OpenMPI,
  author       = {Edgar Gabriel and Graham E. Fagg and George Bosilca
                  and Thara Angskun and Jack J. Dongarra and Jeffrey
                  M. Squyres and Vishal Sahay and Prabhanjan Kambadur
                  and Brian Barrett and Andrew Lumsdaine and Ralph
                  H. Castain and David J. Daniel and Richard L. Graham
                  and Timothy S. Woodall },
  title        = {Open {MPI}: Goals, Concept, and Design of a Next
                  Generation {MPI} Implementation},
  booktitle    = {Proceedings, 11th European PVM/MPI Users' Group
                  Meeting},
  year         = 2004,
  address      = {Budapest, Hungary},
  pages        = {97--104},
  month        = {September}
} 

@inproceedings{Fatahalian06,
 author = {K. Fatahalian and D. Horn and and T. Knight and L. Leem and M. Houston and J. Y. Park and M. Erez and M. Ren and A. Aiken and W. Dally and P. Hanrahan},
 title = "{Sequoia: Programming the Memory Hierarchy}",
 booktitle = SC,
 month = {November},
 year = {2006}
 }

@inproceedings{Knight07,
 author = {T. Knight and J. Y. Park and M. Ren and M. Houston and M. Erez and K. Fatahalian and A. Aiken and W. Dally and P. Hanrahan},
 title = {Compilation for Explicitly Managed Memory Hierarchies},
 booktitle = {Proceedings of the Symposium on Principles and Practice of Parallel Programming},
 year = {2007},
 pages = {226--236}
 }

@inproceedings{Houston08,
 author = {M. Houston and J. Y. Park and M. Ren and T. Knight and K. Fatahalian and A. Aiken and W. Dally and P. Hanrahan},
 title = {A Portable Runtime Interface for Multi-level Memory Hierarchies},
 booktitle = {Proceedings of the Symposium on Principles and Practice of Parallel Programming},
 year = {2008},
 pages = {143--152}
 }

@inproceedings{Ren08,
 author = {M. Ren and J. Y. Park and M. Houston and A. Aiken and W. Dally},
 title = {A Tuning Framework for Software-managed Memory Hierarchies},
 booktitle = {Proceedings of the International Conference on Parallel Architectures and Compilation Techniques},
 year = {2008},
 pages = {280--291}
 }

@inproceedings{Gay01,
 author = {Gay, David and Aiken, Alex},
 title = {Language support for regions},
 booktitle = {Proceedings of the ACM SIGPLAN 2001 conference on Programming language design and implementation},
 series = {PLDI '01},
 year = {2001},
 isbn = {1-58113-414-2},
 location = {Snowbird, Utah, United States},
 pages = {70--80},
 numpages = {11},
 url = {http://doi.acm.org/10.1145/378795.378815},
 doi = {http://doi.acm.org/10.1145/378795.378815},
 acmid = {378815},
 publisher = {ACM},
 address = {New York, NY, USA},
} 

@inproceedings{Berger02,
 author = {Berger, Emery D. and Zorn, Benjamin G. and McKinley, Kathryn S.},
 title = {Reconsidering custom memory allocation},
 booktitle = {Proceedings of the 17th ACM SIGPLAN conference on Object-oriented programming, systems, languages, and applications},
 series = {OOPSLA '02},
 year = {2002},
 isbn = {1-58113-471-1},
 location = {Seattle, Washington, USA},
 pages = {1--12},
 numpages = {12},
 url = {http://doi.acm.org/10.1145/582419.582421},
 doi = {http://doi.acm.org/10.1145/582419.582421},
 acmid = {582421},
 publisher = {ACM},
 address = {New York, NY, USA},
} 

@inproceedings{Grossman02,
 author = {Grossman, Dan and Morrisett, Greg and Jim, Trevor and Hicks, Michael and Wang, Yanling and Cheney, James},
 title = {Region-based memory management in cyclone},
 booktitle = {Proceedings of the ACM SIGPLAN 2002 Conference on Programming language design and implementation},
 series = {PLDI '02},
 year = {2002},
 isbn = {1-58113-463-0},
 location = {Berlin, Germany},
 pages = {282--293},
 numpages = {12},
 url = {http://doi.acm.org/10.1145/512529.512563},
 doi = {http://doi.acm.org/10.1145/512529.512563},
 acmid = {512563},
 publisher = {ACM},
 address = {New York, NY, USA},
} 

@book{Pierce02,
 author = {Pierce, Benjamin C.},
 title = {Types and programming languages},
 year = {2002},
 isbn = {0-262-16209-1},
 publisher = {MIT Press},
 address = {Cambridge, MA, USA},
} 

@inproceedings{Chamberlain07,
 author = {Chamberlain, B. and Callahan, D. and Zima, H.},
 title = {Parallel Programmability and the Chapel Language},
 booktitle = {Internation Journal High Performance Computing Applications},
 year = {2007},
 location = {Thousand Oaks, CA, USA},
 pages = {291--312},
 numpages = {21},
 publisher = {Sage Publications, Inc},
} 

@inproceedings{Micikevicius09,
 author = {Micikevicius, Paulius},
 title = {3D finite difference computation on GPUs using CUDA},
 booktitle = {Proceedings of 2nd Workshop on General Purpose Processing on Graphics Processing Units},
 series = {GPGPU-2},
 year = {2009},
 isbn = {978-1-60558-517-8},
 location = {Washington, D.C.},
 pages = {79--84},
 numpages = {6},
 url = {http://doi.acm.org/10.1145/1513895.1513905},
 doi = {http://doi.acm.org/10.1145/1513895.1513905},
 acmid = {1513905},
 publisher = {ACM},
 address = {New York, NY, USA},
 keywords = {CUDA, GPU, finite difference, parallel algorithms},
} 

@inproceedings{Bienia08,
 author = {Bienia, Christian and Kumar, Sanjeev and Singh, Jaswinder Pal and Li, Kai},
 title = {The PARSEC benchmark suite: characterization and architectural implications},
 booktitle = {Proceedings of the 17th international conference on Parallel architectures and compilation techniques},
 series = {PACT '08},
 year = {2008},
 isbn = {978-1-60558-282-5},
 location = {Toronto, Ontario, Canada},
 pages = {72--81},
 numpages = {10},
 url = {http://doi.acm.org/10.1145/1454115.1454128},
 doi = {http://doi.acm.org/10.1145/1454115.1454128},
 acmid = {1454128},
 publisher = {ACM},
 address = {New York, NY, USA},
 keywords = {benchmark suite, multithreading, performance measurement, shared-memory computers},
} 

@article{Heuveline07,
  author = {V. Heuveline and J. Latt},
  title = {The {OpenLB} project: an open source and object oriented implementation
	of lattice {B}oltzmann methods},
  journal = {Int. J. Mod. Phys. C},
  year = {2007},
  volume = {18},
  pages = {627--634},
  owner = {nm03},
  timestamp = {2008.11.05}
}

@article{DeVito10,
  author = {Devito, Zach and Joubert, Niels},
  title = {The Liszt Language Specification},
  year = {2010},
  url = {http://graphics.stanford.edu/hackliszt/spec.pdf},
}

@inproceedings{Bader11,
 author = {Bader, David and Ediger, David and Riedy, E. Jason},
 title = {Parallel Programming for Graph Analysis},
 booktitle = {Proceedings of the 16th Annual Symposium on Principles and Practice of Parallel Programming},
 series = {PPOPP 2011},
 year = {2011},
 location = {San Antonio, TX, USA},
 url = {http://www.cc.gatech.edu/~bader/papers/GraphAnalysisTutorial-PPoPP2011.html},
 doi = {http://www.cc.gatech.edu/~bader/papers/GraphAnalysisTutorial-PPoPP2011.html},
} 

@inproceedings{Dillig10,
 author = {Dillig, Isil and Dillig, Thomas and Aiken, Alex},
 title = {Small formulas for large programs: on-line constraint simplification in scalable static analysis},
 booktitle = {Proceedings of the 17th international conference on Static analysis},
 series = {SAS'10},
 year = {2010},
 isbn = {3-642-15768-8, 978-3-642-15768-4},
 location = {Perpignan, France},
 pages = {236--252},
 numpages = {17},
 url = {http://portal.acm.org/citation.cfm?id=1882094.1882109},
 acmid = {1882109},
 publisher = {Springer-Verlag},
 address = {Berlin, Heidelberg},
} 

@inproceedings{Blumofe95,
 author = {Blumofe, Robert D. and Joerg, Christopher F. and Kuszmaul, Bradley C. and Leiserson, Charles E. and Randall, Keith H. and Zhou, Yuli},
 title = {Cilk: an efficient multithreaded runtime system},
 booktitle = {Proceedings of the fifth ACM SIGPLAN symposium on Principles and practice of parallel programming},
 series = {PPOPP '95},
 year = {1995},
 isbn = {0-89791-700-6},
 location = {Santa Barbara, California, United States},
 pages = {207--216},
 numpages = {10},
 url = {http://doi.acm.org/10.1145/209936.209958},
 doi = {http://doi.acm.org/10.1145/209936.209958},
 acmid = {209958},
 publisher = {ACM},
 address = {New York, NY, USA},
} 

@inproceedings{Stork09,
 author = {Stork, Sven and Marques, Paulo and Aldrich, Jonathan},
 title = {Concurrency by default: using permissions to express dataflow in stateful programs},
 booktitle = {Proceeding of the 24th ACM SIGPLAN conference companion on Object oriented programming systems languages and applications},
 series = {OOPSLA '09},
 year = {2009},
 isbn = {978-1-60558-768-4},
 location = {Orlando, Florida, USA},
 pages = {933--940},
 numpages = {8},
 url = {http://doi.acm.org/10.1145/1639950.1640060},
 doi = {http://doi.acm.org/10.1145/1639950.1640060},
 acmid = {1640060},
 publisher = {ACM},
 address = {New York, NY, USA},
 keywords = {access permissions, concurrency, dataflow, programming language},
} 

@inproceedings{Bierhoff07,
 author = {Bierhoff, Kevin and Aldrich, Jonathan},
 title = {Modular typestate checking of aliased objects},
 booktitle = {Proceedings of the 22nd annual ACM SIGPLAN conference on Object-oriented programming systems and applications},
 series = {OOPSLA '07},
 year = {2007},
 isbn = {978-1-59593-786-5},
 location = {Montreal, Quebec, Canada},
 pages = {301--320},
 numpages = {20},
 url = {http://doi.acm.org/10.1145/1297027.1297050},
 doi = {http://doi.acm.org/10.1145/1297027.1297050},
 acmid = {1297050},
 publisher = {ACM},
 address = {New York, NY, USA},
 keywords = {aliasing, behavioral subtyping, linear logic, permissions, typestates},
} 

@MISC{Frigo98,
    author = {Matteo Frigo and E. Leiserson},
    title = {The Weakest Reasonable Memory Model},
    year = {1998},
    url = {http://citeseerx.ist.psu.edu/viewdoc/summary?doi=10.1.1.50.4372\&rank=1},
}



 
